
@article{lin2011fast,
  title={Fast construction of hierarchical matrix representation from matrix--vector multiplication},
  author={Lin, Lin and Lu, Jianfeng and Ying, Lexing},
  journal={Journal of Computational Physics},
  volume={230},
  number={10},
  pages={4071--4087},
  year={2011},
  publisher={Elsevier}
}

@article{fasshauer2011reproducing,
  title={Reproducing kernels of generalized Sobolev spaces via a Green function approach with distributional operators},
  author={Fasshauer, Gregory E and Ye, Qi},
  journal={Numerische Mathematik},
  volume={119},
  number={3},
  pages={585--611},
  year={2011},
  publisher={Springer}
}

@article{owhadi2020ideas,
  title={Do ideas have shape? Plato's theory of forms as the continuous limit of artificial neural networks},
  author={Owhadi, Houman},
  journal={arXiv preprint arXiv:2008.03920},
  year={2020}
}

@article{lindgren2011explicit,
  title={An explicit link between Gaussian fields and Gaussian Markov random fields: the stochastic partial differential equation approach},
  author={Lindgren, Finn and Rue, H{\aa}vard and Lindstr{\"o}m, Johan},
  journal={Journal of the Royal Statistical Society: Series B (Statistical Methodology)},
  volume={73},
  number={4},
  pages={423--498},
  year={2011},
  publisher={Wiley Online Library}
}

@article{whittle1954stationary,
  title={On stationary processes in the plane},
  author={Whittle, Peter},
  journal={Biometrika},
  pages={434--449},
  year={1954},
  publisher={JSTOR}
}

@article{whittle1963stochastic,
  title={Stochastic-processes in several dimensions},
  author={Whittle, Peter},
  journal={Bulletin of the International Statistical Institute},
  volume={40},
  number={2},
  pages={974--994},
  year={1963},
  publisher={INT STATISTICAL INSTITUTE 428 PRINSES BEATRIXLAEN, VOORBURG, NETHERLANDS}
}

@misc{matern1960spatial,
  title={Spatial variation-stochastic models and their application to some problems in forest surveys and other sampling investigations. Meddelanden fran statens skogsforskningsintitut, Almaenna foerlaget, Stockholm. (1986), 49 (5)},
  author={Mat{\'e}rn, B},
  year={1960},
  publisher={Springer, Berlin}
}

@book{braess2007finite,
  title={Finite elements: Theory, fast solvers, and applications in solid mechanics},
  author={Braess, Dietrich},
  year={2007},
  publisher={Cambridge University Press}
}

@article {fedorenko1961relaxation,
	AUTHOR = {Fedorenko, R. P.},
	TITLE = {A relaxation method of solution of elliptic difference equations},
	JOURNAL = {{\v{Z}}. Vy{\v{c}}isl. Mat. i Mat. Fiz.},
	FJOURNAL = {Akademija Nauk SSSR. {\v{Z}}urnal Vy{\v{c}}islitel$\prime$no{\u\i} Matematiki i Matemati{\v{c}}esko{\u\i} Fiziki},
	VOLUME = {1},
	YEAR = {1961},
	PAGES = {922--927},
}

@incollection {brandt1977multi,
	AUTHOR = {Brandt, Achi},
	TITLE = {Multi-level adaptive techniques ({MLAT}) for partial differential equations: ideas and software},
	BOOKTITLE = {Mathematical software, {III} ({Proc.} {Sympos.}, {Math.} {Res.} {Center}, {Univ.} {Wisconsin}, {Madison}, {Wis.},1977)},
	PAGES = {277--318. Publ. Math. Res. Center, No. 39},
	PUBLISHER = {Academic Press, New York},
	YEAR = {1977},
}

@book {hackbusch2013multi,
	TITLE = {Multi-{Grid} {Methods} and {Applications}},
	AUTHOR = {Hackbusch, Wolfgang},
	SERIES = {Springer Series in Computational Mathematics},
	VOLUME = {4},
	YEAR = {2013},
	PUBLISHER = {Springer-Verlag, Berlin Heidelberg},
	PAGES = {xiv+378},
	DOI = {10.1007/978-3-662-02427-0},
}

@incollection {hackbusch1978fast,
	AUTHOR = {Hackbusch, W.},
	TITLE = {A fast iterative method for solving {Poisson}'s equation in a general region},
	BOOKTITLE = {Numerical treatment of differential equations ({Proc.} {Conf.}, {Math.} {Forschungsinst.}, {Oberwolfach}, 1976)},
	PAGES = {51--62. Lecture Notes in Math., Vol. 631},
	PUBLISHER = {Springer, Berlin},
	YEAR = {1978},
}

@article {xu2017algebraic,
    AUTHOR = {Xu, Jinchao and Zikatanov, Ludmil},
     TITLE = {Algebraic multigrid methods},
   JOURNAL = {Acta Numer.},
  FJOURNAL = {Acta Numerica},
    VOLUME = {26},
      YEAR = {2017},
     PAGES = {591--721},
      ISSN = {0962-4929},
   MRCLASS = {65F10 (65N22 65N55)},
  MRNUMBER = {3653855},
MRREVIEWER = {Bruno Carpentieri},
       DOI = {10.1017/S0962492917000083},
       URL = {https://doi.org/10.1017/S0962492917000083},
}

@article {dahmen2006compression,
	AUTHOR = {Dahmen, Wolfgang and Harbrecht, Helmut and Schneider, Reinhold},
	TITLE = {Compression techniques for boundary integral equations---asymptotically optimal complexity estimates},
	JOURNAL = {SIAM J. Numer. Anal.},
	FJOURNAL = {SIAM Journal on Numerical Analysis},
	VOLUME = {43},
	YEAR = {2006},
	NUMBER = {6},
	PAGES = {2251--2271},
	DOI = {10.1137/S0036142903428852},
}

@article {beylkin1991fast,
	AUTHOR = {Beylkin, Gregory and Coifman, Ronald and Rokhlin, Vladimir},
	TITLE = {Fast wavelet transforms and numerical algorithms. {I}},
	JOURNAL = {Comm. Pure Appl. Math.},
	FJOURNAL = {Communications on Pure and Applied Mathematics},
	VOLUME = {44},
	YEAR = {1991},
	NUMBER = {2},
	PAGES = {141--183},
	DOI = {10.1002/cpa.3160440202},
}

@inproceedings{gortler1993wavelet,
	TITLE = {Wavelet radiosity},
	AUTHOR = {Gortler, Steven J and Schr{\"o}der, Peter and Cohen, Michael F and Hanrahan, Pat},
	BOOKTITLE = {Proceedings of the 20th Annual Conference on Computer Graphics and Interactive Techniques},
	PAGES = {221--230},
	YEAR = {1993},
}

@article {beylkin1998multiresolution_I,
	AUTHOR = {Beylkin, Gregory and Coult, Nicholas},
	TITLE = {A multiresolution strategy for reduction of elliptic {PDE}s and eigenvalue problems},
	JOURNAL = {Appl. Comput. Harmon. Anal.},
	FJOURNAL = {Applied and Computational Harmonic Analysis. Time-Frequency and Time-Scale Analysis, Wavelets, Numerical Algorithms, and Applications},
	VOLUME = {5},
	YEAR = {1998},
	NUMBER = {2},
	PAGES = {129--155},
	DOI = {10.1006/acha.1997.0226},
}

@article {gines1998lu,
	AUTHOR = {Gines, D. and Beylkin, G. and Dunn, J.},
	TITLE = {{$LU$} factorization of non-standard forms and direct multiresolution solvers},
	JOURNAL = {Appl. Comput. Harmon. Anal.},
	FJOURNAL = {Applied and Computational Harmonic Analysis. Time-Frequency and Time-Scale Analysis, Wavelets, Numerical Algorithms, and Applications},
	VOLUME = {5},
	YEAR = {1998},
	NUMBER = {2},
	PAGES = {156--201},
	DOI = {10.1006/acha.1997.0227},
}

@inproceedings{beylkin1998multiresolution_II,
	AUTHOR = {Beylkin, Gregory},
	TITLE = {On multiresolution methods in numerical analysis},
	BOOKTITLE = {Proceedings of the {International} {Congress} of {Mathematicians}, {Vol.} {III} ({Berlin}, 1998)},
	JOURNAL = {Doc. Math.},
	FJOURNAL = {Documenta Mathematica},
	YEAR = {1998},
	NUMBER = {Extra Vol. III},
	PAGES = {481--490},
}

@article{feischl2018sparse,
  title={Sparse compression of expected solution operators},
  author={Feischl, Michael and Peterseim, Daniel},
  journal={arXiv preprint arXiv:1807.01741},
  year={2018}
}

@article{greengard1987fast,
	AUTHOR = {Greengard, Leslie and Rokhlin, Vladimir},
	TITLE = {A fast algorithm for particle simulations},
	JOURNAL = {J. Comput. Phys.},
	FJOURNAL = {Journal of Computational Physics},
	VOLUME = {73},
	YEAR = {1987},
	NUMBER = {2},
	PAGES = {325--348},
	DOI = {10.1016/0021-9991(87)90140-9},
}

@article{hackbusch2000sparse,
	AUTHOR = {Hackbusch, Wolfgang and Khoromskij, Boris N.},
	TITLE = {A sparse {$\mathcal{H}$}-matrix arithmetic. {II}. {A}pplication to multi-dimensional problems},
	JOURNAL = {Computing},
	FJOURNAL = {Computing. Archives for Scientific Computing},
	VOLUME = {64},
	YEAR = {2000},
	NUMBER = {1},
	PAGES = {21--47},
}

@article{hackbusch2002data,
	AUTHOR = {Hackbusch, Wolfgang and B{\"o}rm, Steffen},
	TITLE = {Data-sparse approximation by adaptive {$\mathcal{H}^2$}-matrices},
	JOURNAL = {Computing},
	FJOURNAL = {Computing. Archives for Scientific Computing},
	VOLUME = {69},
	YEAR = {2002},
	NUMBER = {1},
	PAGES = {1--35},
	DOI = {10.1007/s00607-002-1450-4},
}

@article {ho2016hierarchical,
    AUTHOR = {Ho, Kenneth L. and Ying, Lexing},
     TITLE = {Hierarchical interpolative factorization for elliptic
              operators: integral equations},
   JOURNAL = {Comm. Pure Appl. Math.},
  FJOURNAL = {Communications on Pure and Applied Mathematics},
    VOLUME = {69},
      YEAR = {2016},
    NUMBER = {7},
     PAGES = {1314--1353},
      ISSN = {0010-3640},
   MRCLASS = {45B05},
  MRNUMBER = {3503023},
MRREVIEWER = {M. Isabel Berenguer},
       DOI = {10.1002/cpa.21577},
       URL = {https://doi.org/10.1002/cpa.21577},
}

@article{bebendorf2003existence,
  TITLE = {Existence of {$\mathcal{H}$}-matrix approximants to the inverse FE-matrix of elliptic operators with {$L^\infty$}-coefficients},
  AUTHOR = {Bebendorf, Mario and Hackbusch, Wolfgang},
  JOURNAL = {Numerische Mathematik},
  VOLUME = {95},
  NUMBER = {1},
  PAGES = {1--28},
  YEAR = {2003},
  PUBLISHER = {Springer}
}

@article{borm2010approximation,
  title={Approximation of solution operators of elliptic partial differential equations by {$\mathcal{H}$}-and {$\mathcal{H}^2$}-matrices},
  author={B{\"o}rm, Steffen},
  journal={Numerische Mathematik},
  volume={115},
  number={2},
  pages={165--193},
  year={2010},
  publisher={Springer}
}

@book{borm2010efficient,
  title={Efficient numerical methods for non-local operators: H2-matrix compression, algorithms and analysis},
  author={B{\"o}rm, Steffen},
  volume={14},
  year={2010},
  publisher={European Mathematical Society}
}

@article{ambikasaran2013mathcal,
  title={An {$\mathcal{O}(N \log N)$} Fast Direct Solver for Partial Hierarchically Semi-Separable Matrices},
  author={Ambikasaran, Sivaram and Darve, Eric},
  journal={Journal of Scientific Computing},
  volume={57},
  number={3},
  pages={477--501},
  year={2013},
  publisher={Springer}
}

@article{chandrasekaran2006fast,
  title={A fast ULV decomposition solver for hierarchically semiseparable representations},
  author={Chandrasekaran, Shiv and Gu, Ming and Pals, Timothy},
  journal={SIAM Journal on Matrix Analysis and Applications},
  volume={28},
  number={3},
  pages={603--622},
  year={2006},
  publisher={SIAM}
}

@article{xia2010fast,
  title={Fast algorithms for hierarchically semiseparable matrices},
  author={Xia, Jianlin and Chandrasekaran, Shivkumar and Gu, Ming and Li, Xiaoye S},
  journal={Numerical Linear Algebra with Applications},
  volume={17},
  number={6},
  pages={953--976},
  year={2010},
  publisher={Wiley Online Library}
}

@article{schafer2017compression,
  title={Compression, inversion, and approximate PCA of dense kernel matrices at near-linear computational complexity},
  author={Sch{\"a}fer, Florian and Sullivan, Timothy John and Owhadi, Houman},
  journal={arXiv preprint arXiv:1706.02205},
  year={2017}
}

@article{schafer2020sparse,
  title={Sparse Cholesky factorization by Kullback-Leibler minimization},
  author={Sch{\"a}fer, Florian and Katzfuss, Matthias and Owhadi, Houman},
  journal={arXiv preprint arXiv:2004.14455},
  year={2020}
}

@article{lin2009fast,
  title={Fast algorithm for extracting the diagonal of the inverse matrix with application to the electronic structure analysis of metallic systems},
  author={Lin, Lin and Lu, Jianfeng and Ying, Lexing and Car, Roberto and Weinan, E and others},
  journal={Communications in Mathematical Sciences},
  volume={7},
  number={3},
  pages={755--777},
  year={2009},
  publisher={International Press of Boston}
}

@article{coleman1983estimation,
  title={Estimation of sparse Jacobian matrices and graph coloring blems},
  author={Coleman, Thomas F and Mor{\'e}, Jorge J},
  journal={SIAM journal on Numerical Analysis},
  volume={20},
  number={1},
  pages={187--209},
  year={1983},
  publisher={SIAM}
}

@article{chen2021multiscale,
  title={Multiscale Cholesky Preconditioning for Ill-conditioned Problems},
  author={CHEN, JIONG and SCH{\"A}FER, FLORIAN and HUANG, JIN and DESBRUN, MATHIEU},
  year={2021}
}

@article{davis2016survey,
  title={A survey of direct methods for sparse linear systems},
  author={Davis, Timothy A and Rajamanickam, Sivasankaran and Sid-Lakhdar, Wissam M},
  journal={Acta Numerica},
  volume={25},
  pages={383--566},
  year={2016},
  publisher={Cambridge University Press}
}

@inbook{husfeldt2015graph, 
place={Cambridge},
series={Encyclopedia of Mathematics and its Applications},
title={Graph colouring algorithms},
DOI={10.1017/CBO9781139519793.016},
booktitle={Topics in Chromatic Graph Theory},
publisher={Cambridge University Press},
author={Husfeldt, Thore},
editor={Beineke, Lowell W. and Wilson, Robin J.Editors},
year={2015},
pages={277–303},
collection={Encyclopedia of Mathematics and its Applications}}

@article{lin2011selinv,
  title={SelInv---An Algorithm for Selected Inversion of a Sparse Symmetric Matrix},
  author={Lin, Lin and Yang, Chao and Meza, Juan C and Lu, Jianfeng and Ying, Lexing and E, Weinan},
  journal={ACM Transactions on Mathematical Software (TOMS)},
  volume={37},
  number={4},
  pages={1--19},
  year={2011},
  publisher={ACM New York, NY, USA}
}

@article{altmann2021numerical,
  title={Numerical homogenization beyond scale separation},
  author={Altmann, Robert and Henning, Patrick and Peterseim, Daniel},
  journal={Acta Numerica},
  volume={30},
  pages={1--86},
  year={2021},
  publisher={Cambridge University Press}
}

@article{fan2019bcr,
  title={BCR-Net: A neural network based on the nonstandard wavelet form},
  author={Fan, Yuwei and Bohorquez, Cindy Orozco and Ying, Lexing},
  journal={Journal of Computational Physics},
  volume={384},
  pages={1--15},
  year={2019},
  publisher={Elsevier}
}

@article{fan2019multiscale,
  title={A multiscale neural network based on hierarchical nested bases},
  author={Fan, Yuwei and Feliu-Faba, Jordi and Lin, Lin and Ying, Lexing and Zepeda-N{\'u}nez, Leonardo},
  journal={Research in the Mathematical Sciences},
  volume={6},
  number={2},
  pages={1--28},
  year={2019},
  publisher={Springer}
}

@article{fan2019multiscaleH,
  title={A multiscale neural network based on hierarchical matrices},
  author={Fan, Yuwei and Lin, Lin and Ying, Lexing and Zepeda-N{\'u}nez, Leonardo},
  journal={Multiscale Modeling \& Simulation},
  volume={17},
  number={4},
  pages={1189--1213},
  year={2019},
  publisher={SIAM}
}

@article{li2020neural,
  title={Neural operator: Graph kernel network for partial differential equations},
  author={Li, Zongyi and Kovachki, Nikola and Azizzadenesheli, Kamyar and Liu, Burigede and Bhattacharya, Kaushik and Stuart, Andrew and Anandkumar, Anima},
  journal={arXiv preprint arXiv:2003.03485},
  year={2020}
}

@article{li2020fourier,
  title={Fourier neural operator for parametric partial differential equations},
  author={Li, Zongyi and Kovachki, Nikola and Azizzadenesheli, Kamyar and Liu, Burigede and Bhattacharya, Kaushik and Stuart, Andrew and Anandkumar, Anima},
  journal={arXiv preprint arXiv:2010.08895},
  year={2020}
}

@article{nelsen2021random,
  title={The random feature model for input-output maps between banach spaces},
  author={Nelsen, Nicholas H and Stuart, Andrew M},
  journal={SIAM Journal on Scientific Computing},
  volume={43},
  number={5},
  pages={A3212--A3243},
  year={2021},
  publisher={SIAM}
}

@article{de2021convergence,
  title={Convergence Rates for Learning Linear Operators from Noisy Data},
  author={de Hoop, Maarten V and Kovachki, Nikola B and Nelsen, Nicholas H and Stuart, Andrew M},
  journal={arXiv preprint arXiv:2108.12515},
  year={2021}
}

@article{boulle2021learning,
  title={Learning elliptic partial differential equations with randomized linear algebra},
  author={Boull{\'e}, Nicolas and Townsend, Alex},
  journal={arXiv preprint arXiv:2102.00491},
  year={2021}
}

@article{lu2019deeponet,
  title={Deeponet: Learning nonlinear operators for identifying differential equations based on the universal approximation theorem of operators},
  author={Lu, Lu and Jin, Pengzhan and Karniadakis, George Em},
  journal={arXiv preprint arXiv:1910.03193},
  year={2019}
}

@article{li2020multipole,
  title={Multipole graph neural operator for parametric partial differential equations},
  author={Li, Zongyi and Kovachki, Nikola and Azizzadenesheli, Kamyar and Liu, Burigede and Bhattacharya, Kaushik and Stuart, Andrew and Anandkumar, Anima},
  journal={arXiv preprint arXiv:2006.09535},
  year={2020}
}

@article{feischl2020sparse,
  title={Sparse compression of expected solution operators},
  author={Feischl, Michael and Peterseim, Daniel},
  journal={SIAM Journal on Numerical Analysis},
  volume={58},
  number={6},
  pages={3144--3164},
  year={2020},
  publisher={SIAM}
}

@article{stepaniants2021learning,
  title={Learning Partial Differential Equations in Reproducing Kernel Hilbert Spaces},
  author={Stepaniants, George},
  journal={arXiv preprint arXiv:2108.11580},
  year={2021}
}

@article{owhadi2017multigrid,
  title={Multigrid with rough coefficients and multiresolution operator decomposition from hierarchical information games},
  author={Owhadi, Houman},
  journal={SIAM Review},
  volume={59},
  number={1},
  pages={99--149},
  year={2017},
  publisher={SIAM}
}

@article{maalqvist2014localization,
  title={Localization of elliptic multiscale problems},
  author={M{\aa}lqvist, Axel and Peterseim, Daniel},
  journal={Mathematics of Computation},
  volume={83},
  number={290},
  pages={2583--2603},
  year={2014}
}

@book{owhadi2019operator,
  title={Operator-Adapted Wavelets, Fast Solvers, and Numerical Homogenization: From a Game Theoretic Approach to Numerical Approximation and Algorithm Design},
  author={Owhadi, Houman and Scovel, Clint},
  volume={35},
  year={2019},
  publisher={Cambridge University Press}
}

@article{kornhuber2018analysis,
  title={An analysis of a class of variational multiscale methods based on subspace decomposition},
  author={Kornhuber, Ralf and Peterseim, Daniel and Yserentant, Harry},
  journal={Mathematics of Computation},
  volume={87},
  number={314},
  pages={2765--2774},
  year={2018}
}

@article{martinsson2008rapid,
  title={Rapid factorization of structured matrices via randomized sampling},
  author={Martinsson, Per-Gunnar},
  journal={arXiv preprint arXiv:0806.2339},
  year={2008}
}