@book{mccullagh2018tensor,
  title={Tensor methods in statistics},
  author={McCullagh, Peter},
  year={2018},
  publisher={Chapman and Hall/CRC}
}

@inproceedings{
anonymous2023competitive,
title={Competitive Physics Informed Networks },
author={Zeng, Qi and Bryngelson, Spencer H and Sch{\"a}fer, Florian},
booktitle={Submitted to The Eleventh International Conference on Learning Representations },
year={2023},
url={https://openreview.net/forum?id=z9SIj-IM7tn},
note={under review}
}

@article{lagaris1998artificial,
  title={Artificial neural networks for solving ordinary and partial differential equations},
  author={Lagaris, Isaac E and Likas, Aristidis and Fotiadis, Dimitrios I},
  journal={IEEE transactions on neural networks},
  volume={9},
  number={5},
  pages={987--1000},
  year={1998},
  publisher={IEEE}
}

@article{RAISSI2019686,
title = {Physics-informed neural networks: {A} deep learning framework for solving forward and inverse problems involving nonlinear partial differential equations},
journal = {Journal of Computational Physics},
volume = {378},
pages = {686-707},
year = {2019},
issn = {0021-9991},
author = {Maziar Raissi and Paris Perdikaris and George Em Karniadakis}
}

@inproceedings{schafer2020competitive,
  title={Competitive Gradient Descent},
  author={Florian Sch{\"a}fer and Anima Anandkumar},
  booktitle={NeurIPS},
  year={2019}
}

@misc{cgds-package,
  author = {Hongkai Zheng},
  title = {{CGD}s},
  year = {2020},
  publisher = {GitHub},
  journal = {GitHub repository},
  howpublished = {\url{https://github.com/devzhk/cgds-package}},
}

@article{schafer2021compression,
    AUTHOR = {Sch\"{a}fer, Florian and Sullivan, T. J. and Owhadi, Houman},
     TITLE = {Compression, inversion, and approximate {PCA} of dense kernel
              matrices at near-linear computational complexity},
   JOURNAL = {Multiscale Model. Simul.},
  FJOURNAL = {Multiscale Modeling \& Simulation. A SIAM Interdisciplinary
              Journal},
    VOLUME = {19},
      YEAR = {2021},
    NUMBER = {2},
     PAGES = {688--730},
      ISSN = {1540-3459},
   MRCLASS = {65F99 (42C40 62H25 65F50 68Q25 68W40)},
  MRNUMBER = {4243658},
       DOI = {10.1137/19M129526X},
       URL = {https://doi.org/10.1137/19M129526X},
}

@article {schafer2020sparse,
    AUTHOR = {Sch\"{a}fer, Florian and Katzfuss, Matthias and Owhadi, Houman},
     TITLE = {Sparse {C}holesky factorization by {K}ullback-{L}eibler
              minimization},
   JOURNAL = {SIAM J. Sci. Comput.},
  FJOURNAL = {SIAM Journal on Scientific Computing},
    VOLUME = {43},
      YEAR = {2021},
    NUMBER = {3},
     PAGES = {A2019--A2046},
      ISSN = {1064-8275},
   MRCLASS = {65F99 (42C40 62F15 62G08 68W40)},
  MRNUMBER = {4267493},
       DOI = {10.1137/20M1336254},
       URL = {https://doi.org/10.1137/20M1336254},
}